
@misc{wiki1,
title={Optimisation (mathématiques)},
note={fr.wikipedia.org/wiki/Optimisation\_(mathématique)}
}

@misc{wiki2,
title={Algorithme génétique},
note={fr.wikipedia.org/wiki/Algorithme\_génétique}
}

@misc{wiki3,
title={Multi-objective optimization},
note={en.wikipedia.org/wiki/Multi-objective\_optimization}
}

@misc{wiki4,
title={Mathematical optimization},
note={en.wikipedia.org/wiki/Mathematical\_optimization}
}

@misc{wiki5,
title={Test functions for optimization},
note={en.wikipedia.org/wiki/Test\_functions\_for\_optimization}
}
